@inproceedings{mnih2016asynchronous,
  title={Asynchronous methods for deep reinforcement learning},
  author={Mnih, Volodymyr and Badia, Adria Puigdomenech and Mirza, Mehdi and Graves, Alex and Lillicrap, Timothy and Harley, Tim and Silver, David and Kavukcuoglu, Koray},
  booktitle={International conference on machine learning},
  pages={1928--1937},
  year={2016}
}

@article{schulman2017proximal,
  title={Proximal policy optimization algorithms},
  author={Schulman, John and Wolski, Filip and Dhariwal, Prafulla and Radford, Alec and Klimov, Oleg},
  journal={arXiv preprint arXiv:1707.06347},
  year={2017}
}

@book{Frochte.2019,
 author = {Frochte, J{\"o}rg},
 year = {2019},
 title = {Maschinelles Lernen: Grundlagen und Algorithmen in Python},
 price = {EUR 38.00 (DE), EUR 39.10 (AT)},
 address = {M{\"u}nchen},
 edition = {2., aktualisierte Auflage},
 publisher = {Hanser},
 isbn = {9783446459977},
 pages={99},
 file = {Frochte-Maschinelles-Lernen:C\:\\Users\\Michel\\Documents\\Citavi 6\\Projects\\IntelSys\\Citavi Attachments\\Frochte-Maschinelles-Lernen.pdf:pdf}
}

@book{ravichandiran2018hands,
  title={Hands-on Reinforcement Learning with Python: Master Reinforcement and Deep Reinforcement Learning Using OpenAI Gym and TensorFlow},
  author={Ravichandiran, Sudharsan},
  year={2018},
  publisher={Packt Publishing Ltd}
}



